%% This BibTeX bibliography file was created using BibDesk.
%% http://bibdesk.sourceforge.net/


%% Created for Alexander Afanasyev at 2009-06-09 17:25:06 -0700 


%% Saved with string encoding Unicode (UTF-8) 



@misc{ARIN:2009:Annual-Fee-Scedule,
	Author = {ARIN},
	Date-Added = {2009-06-09 17:23:39 -0700},
	Date-Modified = {2009-06-09 17:25:04 -0700},
	Howpublished = {\url{https://www.arin.net/fees/fee\_schedule.html}},
	Title = {Annual Fee Scedule},
	Year = {2009}}

@misc{::Route-Views,
	Date-Added = {2009-06-09 14:04:29 -0700},
	Date-Modified = {2009-06-09 14:04:29 -0700},
	Howpublished = {\url{http://routeviews.org/}},
	Title = {{University of Oregon Route Views Project}}}

@misc{AKPLOGAN:2005:AfriNIC-now-officially,
	Author = {Adiel A. AKPLOGAN},
	Date-Added = {2009-06-09 13:57:14 -0700},
	Date-Modified = {2009-06-09 13:58:33 -0700},
	Howpublished = {\emph{afrinic-discuss mailing list} \url{https://lists.afrinic.net/pipermail/announce/2005/000071.html}},
	Month = {April},
	Title = {{AfriNIC now officially a fully fledged RIR!}},
	Year = {2005}}

@misc{::IANA----Number,
	Date-Added = {2009-06-09 13:50:32 -0700},
	Date-Modified = {2009-06-09 13:50:59 -0700},
	Howpublished = {\url{http://www.iana.org/numbers/}},
	Title = {{IANA -- Number Resources}}}

@article{Ramachandran:2006:Understanding-the-network-level,
	Address = {New York, NY, USA},
	Author = {Ramachandran, Anirudh and Feamster, Nick},
	Date-Added = {2009-06-09 00:30:50 -0700},
	Date-Modified = {2009-06-09 00:30:54 -0700},
	Doi = {http://doi.acm.org/10.1145/1151659.1159947},
	Issn = {0146-4833},
	Journal = {SIGCOMM Comput. Commun. Rev.},
	Number = {4},
	Pages = {291--302},
	Publisher = {ACM},
	Title = {Understanding the network-level behavior of spammers},
	Volume = {36},
	Year = {2006},
	Bdsk-File-1 = {YnBsaXN0MDDUAQIDBAUGCQpYJHZlcnNpb25UJHRvcFkkYXJjaGl2ZXJYJG9iamVjdHMSAAGGoNEHCFRyb290gAFfEA9OU0tleWVkQXJjaGl2ZXKoCwwXGBkdJCVVJG51bGzTDQ4PEBEUViRjbGFzc1dOUy5rZXlzWk5TLm9iamVjdHOAB6ISE4ACgAOiFRaABIAGWWFsaWFzRGF0YVxyZWxhdGl2ZVBhdGjSDRobHFdOUy5kYXRhgAVPEQIoAAAAAAIoAAIAAAZTeXN0ZW0AAAAAAAAAAAAAAAAAAAAAAAAAAADFOkzaSCsAAAC5i5QfVW5kZXJzdGFuZGluZyB0aGUgbmUjQjk4QjY2LnBkZgAAAAAAAAAAAAAAAAAAAAAAAAAAAAAAAAAAAAAAAAAAALmLZsZTXakAAAAAAAAAAAACAAQAAAkgAAAAAAAAAAAAAAAAAAAADFJhbWFjaGFuZHJhbgAQAAgAAMU6vVoAAAARAAgAAMZTwBkAAAABABQAuYuUAA5b9AAOWuUADfrbAAB7fQACAFBTeXN0ZW06VXNlcnM6Y2F3a2E6RG9jdW1lbnRzOlBhcGVyczpSYW1hY2hhbmRyYW46VW5kZXJzdGFuZGluZyB0aGUgbmUjQjk4QjY2LnBkZgAOAHIAOABVAG4AZABlAHIAcwB0AGEAbgBkAGkAbgBnACAAdABoAGUAIABuAGUAdAB3AG8AcgBrAC0AbABlAHYAZQBsACAAYgBlAGgAYQB2AGkAbwByACAAbwBmACAAcwBwAGEAbQBtAGUAcgBzAC4AcABkAGYADwAOAAYAUwB5AHMAdABlAG0AEgBiVXNlcnMvY2F3a2EvRG9jdW1lbnRzL1BhcGVycy9SYW1hY2hhbmRyYW4vVW5kZXJzdGFuZGluZyB0aGUgbmV0d29yay1sZXZlbCBiZWhhdmlvciBvZiBzcGFtbWVycy5wZGYAEwABLwAAFQACAAz//wAA0h4fICFYJGNsYXNzZXNaJGNsYXNzbmFtZaMhIiNdTlNNdXRhYmxlRGF0YVZOU0RhdGFYTlNPYmplY3RfEFwuLi8uLi9Eb2N1bWVudHMvUGFwZXJzL1JhbWFjaGFuZHJhbi9VbmRlcnN0YW5kaW5nIHRoZSBuZXR3b3JrLWxldmVsIGJlaGF2aW9yIG9mIHNwYW1tZXJzLnBkZtIeHyYnoicjXE5TRGljdGlvbmFyeQAIABEAGgAfACkAMgA3ADoAPwBBAFMAXABiAGkAcAB4AIMAhQCIAIoAjACPAJEAkwCdAKoArwC3ALkC5QLqAvMC/gMCAxADFwMgA38DhAOHAAAAAAAAAgEAAAAAAAAAKAAAAAAAAAAAAAAAAAAAA5Q=}}

@article{Wang:2007:Reduce-IP-Address,
	Author = {Mei Wang and Dunn, L. and Wei Mao and Tao Chen},
	Date-Added = {2009-06-08 23:36:44 -0700},
	Date-Modified = {2009-06-08 23:37:10 -0700},
	Doi = {10.1109/ICCCN.2007.4317847},
	Issn = {1095-2055},
	Journal = {Proceedings of 16th International Conference on Computer Communications and Networks, 2007. ICCCN 2007. },
	Keywords = {IP networks, Internet, telecommunication network routingIP lookup, IPv6, Internet addressing, Internet routing, address allocation algorithm, growth-based address partitioning, reduce IP address fragmentation, routing table structure},
	Month = {August},
	Pages = {371--376},
	Title = {Reduce IP Address Fragmentation through Allocation},
	Year = {2007},
	Abstract = {The scalability of Internet addressing and routing has been a serious issue and becomes a more urgent problem today because of driving factors like IPv6. A radical impacting element of the scalability is address allocation, as it directly affects routing table structure, hence, IP lookup and routing efficiency. A key problem in IPv4 today is address fragmentation, i.e., one entity is represented by multiple non-contiguous IP address blocks in the routing table. Address fragmentation increases routing table size, therefore degrades scalability. Existing address allocation practices are a major contributor to address fragmentation. In this paper, we demonstrate that the performance of address allocation can be dramatically improved. We propose a new address allocation algorithm called GAP: Growth-based Address Partitioning. Through real data, we show that GAP can reduce fragmentation by 90% compared to the existing allocation schemes. This is significant for reducing routing table size, increasing scalability, and improving the performance of the Internet. We also introduce a software tool being developed for address allocation.},
	Bdsk-File-1 = {YnBsaXN0MDDUAQIDBAUGCQpYJHZlcnNpb25UJHRvcFkkYXJjaGl2ZXJYJG9iamVjdHMSAAGGoNEHCFRyb290gAFfEA9OU0tleWVkQXJjaGl2ZXKoCwwXGBkdJCVVJG51bGzTDQ4PEBEUViRjbGFzc1dOUy5rZXlzWk5TLm9iamVjdHOAB6ISE4ACgAOiFRaABIAGWWFsaWFzRGF0YVxyZWxhdGl2ZVBhdGjSDRobHFdOUy5kYXRhgAVPEQIKAAAAAAIKAAIAAAZTeXN0ZW0AAAAAAAAAAAAAAAAAAAAAAAAAAADFOkzaSCsAAAAOXJcfUmVkdWNlIElQIEFkZHJlc3MgRnIjQjk4MkM5LnBkZgAAAAAAAAAAAAAAAAAAAAAAAAAAAAAAAAAAAAAAAAAAALmCycZTUPUAAAAAAAAAAAACAAQAAAkgAAAAAAAAAAAAAAAAAAAABFdhbmcAEAAIAADFOr1aAAAAEQAIAADGU7NlAAAAAQAUAA5clwAOW/QADlrlAA362wAAe30AAgBIU3lzdGVtOlVzZXJzOmNhd2thOkRvY3VtZW50czpQYXBlcnM6V2FuZzpSZWR1Y2UgSVAgQWRkcmVzcyBGciNCOTgyQzkucGRmAA4AbgA2AFIAZQBkAHUAYwBlACAASQBQACAAQQBkAGQAcgBlAHMAcwAgAEYAcgBhAGcAbQBlAG4AdABhAHQAaQBvAG4AIAB0AGgAcgBvAHUAZwBoACAAQQBsAGwAbwBjAGEAdABpAG8AbgAuAHAAZABmAA8ADgAGAFMAeQBzAHQAZQBtABIAWFVzZXJzL2Nhd2thL0RvY3VtZW50cy9QYXBlcnMvV2FuZy9SZWR1Y2UgSVAgQWRkcmVzcyBGcmFnbWVudGF0aW9uIHRocm91Z2ggQWxsb2NhdGlvbi5wZGYAEwABLwAAFQACAAz//wAA0h4fICFYJGNsYXNzZXNaJGNsYXNzbmFtZaMhIiNdTlNNdXRhYmxlRGF0YVZOU0RhdGFYTlNPYmplY3RfEFIuLi8uLi9Eb2N1bWVudHMvUGFwZXJzL1dhbmcvUmVkdWNlIElQIEFkZHJlc3MgRnJhZ21lbnRhdGlvbiB0aHJvdWdoIEFsbG9jYXRpb24ucGRm0h4fJieiJyNcTlNEaWN0aW9uYXJ5AAgAEQAaAB8AKQAyADcAOgA/AEEAUwBcAGIAaQBwAHgAgwCFAIgAigCMAI8AkQCTAJ0AqgCvALcAuQLHAswC1QLgAuQC8gL5AwIDVwNcA18AAAAAAAACAQAAAAAAAAAoAAAAAAAAAAAAAAAAAAADbA==}}

@inproceedings{Oliveira:2007:Observing-the-evolution,
	Address = {New York, NY, USA},
	Author = {Oliveira, Ricardo V. and Zhang, Beichuan and Zhang, Lixia},
	Booktitle = {SIGCOMM '07: Proceedings of the 2007 conference on Applications, technologies, architectures, and protocols for computer communications},
	Date-Added = {2009-06-08 23:05:27 -0700},
	Date-Modified = {2009-06-08 23:05:38 -0700},
	Doi = {http://doi.acm.org/10.1145/1282380.1282416},
	Isbn = {978-1-59593-713-1},
	Location = {Kyoto, Japan},
	Pages = {313--324},
	Publisher = {ACM},
	Title = {Observing the evolution of internet as topology},
	Year = {2007}}

@article{Subramanian:2002:Characterizing-the-Internet,
	Author = {Subramanian, L. and Agarwal, S. and Rexford, J. and Katz, R.H.},
	Date-Added = {2009-06-08 22:56:47 -0700},
	Date-Modified = {2009-06-08 22:57:26 -0700},
	Doi = {10.1109/INFCOM.2002.1019307},
	Issn = {0743-166X },
	Journal = {Proceedings of INFOCOM 2002},
	Keywords = {Internet, network topology, protocols, telecommunication network routing, telecommunication traffic BGP routing policies, Internet hierarchy, autonomous systems, border gateway protocol, customer-provider relationships, peer-peer relationships, topological structure},
	Pages = {618--627},
	Title = {Characterizing the Internet hierarchy from multiple vantage points},
	Volume = {2},
	Year = {2002},
	Abstract = { The delivery of IP traffic through the Internet depends on the complex interactions between thousands of autonomous systems (AS) that exchange routing information using the border gateway protocol (BGP). This paper investigates the topological structure of the Internet in terms of customer-provider and peer-peer relationships between autonomous systems, as manifested in BGP routing policies. We describe a technique for inferring AS relationships by exploiting partial views of the AS graph available from different vantage points. Next we apply the technique to a collection of ten BGP routing tables to infer the relationships between neighboring autonomous systems. Based on these results, we analyze the hierarchical structure of the Internet and propose a five-level classification of AS. Our characterization differs from previous studies by focusing on the commercial relationships between autonomous systems rather than simply the connectivity between the nodes.},
	Bdsk-File-1 = {YnBsaXN0MDDUAQIDBAUGCQpYJHZlcnNpb25UJHRvcFkkYXJjaGl2ZXJYJG9iamVjdHMSAAGGoNEHCFRyb290gAFfEA9OU0tleWVkQXJjaGl2ZXKoCwwXGBkdJCVVJG51bGzTDQ4PEBEUViRjbGFzc1dOUy5rZXlzWk5TLm9iamVjdHOAB6ISE4ACgAOiFRaABIAGWWFsaWFzRGF0YVxyZWxhdGl2ZVBhdGjSDRobHFdOUy5kYXRhgAVPEQIkAAAAAAIkAAIAAAZTeXN0ZW0AAAAAAAAAAAAAAAAAAAAAAAAAAADFOkzaSCsAAAC5fLwfQ2hhcmFjdGVyaXppbmcgdGhlIEkjQjk3Qzk3LnBkZgAAAAAAAAAAAAAAAAAAAAAAAAAAAAAAAAAAAAAAAAAAALl8l8ZTSAkAAAAAAAAAAAACAAQAAAkgAAAAAAAAAAAAAAAAAAAAC1N1YnJhbWFuaWFuAAAQAAgAAMU6vVoAAAARAAgAAMZTqnkAAAABABQAuXy8AA5b9AAOWuUADfrbAAB7fQACAE9TeXN0ZW06VXNlcnM6Y2F3a2E6RG9jdW1lbnRzOlBhcGVyczpTdWJyYW1hbmlhbjpDaGFyYWN0ZXJpemluZyB0aGUgSSNCOTdDOTcucGRmAAAOAHAANwBDAGgAYQByAGEAYwB0AGUAcgBpAHoAaQBuAGcAIAB0AGgAZQAgAEkAbgB0AGUAcgBuAGUAdAAgAGgAaQBlAHIAYQByAGMAaAB5ACAAZgByAG8AbQAgAG0AdQBsAHQAaQBwAGwAZQAuAHAAZABmAA8ADgAGAFMAeQBzAHQAZQBtABIAYFVzZXJzL2Nhd2thL0RvY3VtZW50cy9QYXBlcnMvU3VicmFtYW5pYW4vQ2hhcmFjdGVyaXppbmcgdGhlIEludGVybmV0IGhpZXJhcmNoeSBmcm9tIG11bHRpcGxlLnBkZgATAAEvAAAVAAIADP//AADSHh8gIVgkY2xhc3Nlc1okY2xhc3NuYW1loyEiI11OU011dGFibGVEYXRhVk5TRGF0YVhOU09iamVjdF8QWi4uLy4uL0RvY3VtZW50cy9QYXBlcnMvU3VicmFtYW5pYW4vQ2hhcmFjdGVyaXppbmcgdGhlIEludGVybmV0IGhpZXJhcmNoeSBmcm9tIG11bHRpcGxlLnBkZtIeHyYnoicjXE5TRGljdGlvbmFyeQAIABEAGgAfACkAMgA3ADoAPwBBAFMAXABiAGkAcAB4AIMAhQCIAIoAjACPAJEAkwCdAKoArwC3ALkC4QLmAu8C+gL+AwwDEwMcA3kDfgOBAAAAAAAAAgEAAAAAAAAAKAAAAAAAAAAAAAAAAAAAA44=}}

@article{Agarwal:2003:OPCA:-robust,
	Author = {Agarwal, S. and Chen-Nee Chuah and Katz, R.H.},
	Date-Added = {2009-06-08 22:49:16 -0700},
	Date-Modified = {2009-06-08 22:50:20 -0700},
	Doi = {10.1109/OPNARC.2003.1196373},
	Issn = { },
	Journal = {2003 IEEE Conference on Open Architectures and Network Programming},
	Keywords = {Internet, computer network reliability, fault tolerant computing, resource allocation, routing protocols, telecommunication congestion control, telecommunication traffic BGP inter-domain routing protocol, Internet, OPCA, erroneous routing announcements, fault tolerant connectivity, load balanced connectivity, malicious routing announcements, multihomed stub networks, multiple wide area paths, overlay network, robust interdomain policy routing, route change requests, route fail-over times, routing infrastructure, scalable rollout, traffic control},
	Month = {April},
	Pages = {55--64},
	Title = {{OPCA}: robust interdomain policy routing and traffic control},
	Year = {2003},
	Abstract = { An increasing number of ASes have been connecting to the Internet through the BGP inter-domain routing protocol. With increasing stress on the scale of this system and increasing reliance on Internet connectivity, more participants demand additional functionality from interdomain routing that BGP cannot handle. For example, we believe that the recent trend towards multihomed stub networks exhibits a likely intent to achieve fault tolerant and load balanced connectivity to the Internet. However, BGP today offers route fail-over times as long as 15 minutes, and very limited control over incoming traffic across multiple wide area paths. More research literature and news media are calling for stemming malicious or erroneous routing announcements. We propose a policy control architecture, OPCA, that runs as an overlay network on top of BGP. OPCA allows an AS to make route change requests at other, remote ASes to achieve faster route fail-over and provide capabilities to control traffic entering the local AS. The proposed architecture and protocol will co-exist and interact with the existing routing infrastructure and will allow for a scalable rollout of the protocol.},
	Bdsk-File-1 = {YnBsaXN0MDDUAQIDBAUGCQpYJHZlcnNpb25UJHRvcFkkYXJjaGl2ZXJYJG9iamVjdHMSAAGGoNEHCFRyb290gAFfEA9OU0tleWVkQXJjaGl2ZXKoCwwXGBkdJCVVJG51bGzTDQ4PEBEUViRjbGFzc1dOUy5rZXlzWk5TLm9iamVjdHOAB6ISE4ACgAOiFRaABIAGWWFsaWFzRGF0YVxyZWxhdGl2ZVBhdGjSDRobHFdOUy5kYXRhgAVPEQH0AAAAAAH0AAIAAAZTeXN0ZW0AAAAAAAAAAAAAAAAAAAAAAAAAAADFOkzaSCsAAAC5eh8fT1BDQS8gcm9idXN0IGludGVyZG8jQjk3OUQyLnBkZgAAAAAAAAAAAAAAAAAAAAAAAAAAAAAAAAAAAAAAAAAAALl50sZTRZkAAAAAAAAAAAACAAQAAAkgAAAAAAAAAAAAAAAAAAAAB0FnYXJ3YWwAABAACAAAxTq9WgAAABEACAAAxlOoCQAAAAEAFAC5eh8ADlv0AA5a5QAN+tsAAHt9AAIAS1N5c3RlbTpVc2VyczpjYXdrYTpEb2N1bWVudHM6UGFwZXJzOkFnYXJ3YWw6T1BDQS8gcm9idXN0IGludGVyZG8jQjk3OUQyLnBkZgAADgBYACsATwBQAEMAQQAvACAAcgBvAGIAdQBzAHQAIABpAG4AdABlAHIAZABvAG0AYQBpAG4AIABwAG8AbABpAGMAeQAgAHIAbwB1AHQAaQBuAGcALgBwAGQAZgAPAA4ABgBTAHkAcwB0AGUAbQASAFBVc2Vycy9jYXdrYS9Eb2N1bWVudHMvUGFwZXJzL0FnYXJ3YWwvT1BDQTogcm9idXN0IGludGVyZG9tYWluIHBvbGljeSByb3V0aW5nLnBkZgATAAEvAAAVAAIADP//AADSHh8gIVgkY2xhc3Nlc1okY2xhc3NuYW1loyEiI11OU011dGFibGVEYXRhVk5TRGF0YVhOU09iamVjdF8QSi4uLy4uL0RvY3VtZW50cy9QYXBlcnMvQWdhcndhbC9PUENBOiByb2J1c3QgaW50ZXJkb21haW4gcG9saWN5IHJvdXRpbmcucGRm0h4fJieiJyNcTlNEaWN0aW9uYXJ5AAgAEQAaAB8AKQAyADcAOgA/AEEAUwBcAGIAaQBwAHgAgwCFAIgAigCMAI8AkQCTAJ0AqgCvALcAuQKxArYCvwLKAs4C3ALjAuwDOQM+A0EAAAAAAAACAQAAAAAAAAAoAAAAAAAAAAAAAAAAAAADTg==}}

@misc{APNIC:2009:IPv6-Address,
	Author = {{APNIC} and {ARIN} and {RIPE NCC}},
	Date-Added = {2009-06-08 22:14:11 -0700},
	Date-Modified = {2009-06-08 22:15:01 -0700},
	Howpublished = {ripe-466},
	Month = {February},
	Title = {{IPv6} Address Allocation and Assignment Policy},
	Year = {2009},
	Bdsk-File-1 = {YnBsaXN0MDDUAQIDBAUGCQpYJHZlcnNpb25UJHRvcFkkYXJjaGl2ZXJYJG9iamVjdHMSAAGGoNEHCFRyb290gAFfEA9OU0tleWVkQXJjaGl2ZXKoCwwXGBkdJCVVJG51bGzTDQ4PEBEUViRjbGFzc1dOUy5rZXlzWk5TLm9iamVjdHOAB6ISE4ACgAOiFRaABIAGWWFsaWFzRGF0YVxyZWxhdGl2ZVBhdGjSDRobHFdOUy5kYXRhgAVPEQIAAAAAAAIAAAIAAAZTeXN0ZW0AAAAAAAAAAAAAAAAAAAAAAAAAAADFOkzaSCsAAAC5dbMfSVB2NiBBZGRyZXNzIEFsbG9jYXQjQjk3NTJELnBkZgAAAAAAAAAAAAAAAAAAAAAAAAAAAAAAAAAAAAAAAAAAALl1LcZTPZoAAAAAAAAAAAACAAQAAAkgAAAAAAAAAAAAAAAAAAAABUFQTklDAAAQAAgAAMU6vVoAAAARAAgAAMZToAoAAAABABQAuXWzAA5b9AAOWuUADfrbAAB7fQACAElTeXN0ZW06VXNlcnM6Y2F3a2E6RG9jdW1lbnRzOlBhcGVyczpBUE5JQzpJUHY2IEFkZHJlc3MgQWxsb2NhdCNCOTc1MkQucGRmAAAOAGQAMQBJAFAAdgA2ACAAQQBkAGQAcgBlAHMAcwAgAEEAbABsAG8AYwBhAHQAaQBvAG4AIABhAG4AZAAgAEEAcwBzAGkAZwBuAG0AZQBuAHQAIABQAG8AbABpAGMAeQAuAHAAZABmAA8ADgAGAFMAeQBzAHQAZQBtABIAVFVzZXJzL2Nhd2thL0RvY3VtZW50cy9QYXBlcnMvQVBOSUMvSVB2NiBBZGRyZXNzIEFsbG9jYXRpb24gYW5kIEFzc2lnbm1lbnQgUG9saWN5LnBkZgATAAEvAAAVAAIADP//AADSHh8gIVgkY2xhc3Nlc1okY2xhc3NuYW1loyEiI11OU011dGFibGVEYXRhVk5TRGF0YVhOU09iamVjdF8QTi4uLy4uL0RvY3VtZW50cy9QYXBlcnMvQVBOSUMvSVB2NiBBZGRyZXNzIEFsbG9jYXRpb24gYW5kIEFzc2lnbm1lbnQgUG9saWN5LnBkZtIeHyYnoicjXE5TRGljdGlvbmFyeQAIABEAGgAfACkAMgA3ADoAPwBBAFMAXABiAGkAcAB4AIMAhQCIAIoAjACPAJEAkwCdAKoArwC3ALkCvQLCAssC1gLaAugC7wL4A0kDTgNRAAAAAAAAAgEAAAAAAAAAKAAAAAAAAAAAAAAAAAAAA14=}}

@article{Graffi:2007:Taxonomy-of-Active,
	Author = {Graffi, K. and Pussep, K. and Liebau, N. and Steinmetz, R.},
	Date-Added = {2009-04-26 20:10:02 -0700},
	Date-Modified = {2009-04-26 20:10:13 -0700},
	Journal = {Technische Universitat Darmstadt, Germany, Tech. Rep},
	Title = {{Taxonomy of Active Queue Management Strategies in Context of Peer-to-Peer Scenarios}},
	Year = {2007},
	Bdsk-File-1 = {YnBsaXN0MDDUAQIDBAUGCQpYJHZlcnNpb25UJHRvcFkkYXJjaGl2ZXJYJG9iamVjdHMSAAGGoNEHCFRyb290gAFfEA9OU0tleWVkQXJjaGl2ZXKoCwwXGBkdJCVVJG51bGzTDQ4PEBEUViRjbGFzc1dOUy5rZXlzWk5TLm9iamVjdHOAB6ISE4ACgAOiFRaABIAGWWFsaWFzRGF0YVxyZWxhdGl2ZVBhdGjSDRobHFdOUy5kYXRhgAVPEQIEAAAAAAIEAAIAAAZTeXN0ZW0AAAAAAAAAAAAAAAAAAAAAAAAAAADFOkzaSCsAAACWG8cfVGF4b25vbXkgb2YgQWN0aXZlIFEjOTYxQjg2LnBkZgAAAAAAAAAAAAAAAAAAAAAAAAAAAAAAAAAAAAAAAAAAAJYbhsYab2YAAAAAAAAAAAACAAQAAAkgAAAAAAAAAAAAAAAAAAAABkdyYWZmaQAQAAgAAMU6vVoAAAARAAgAAMYa0dYAAAABABQAlhvHAA5b9AAOWuUADfrbAAB7fQACAEpTeXN0ZW06VXNlcnM6Y2F3a2E6RG9jdW1lbnRzOlBhcGVyczpHcmFmZmk6VGF4b25vbXkgb2YgQWN0aXZlIFEjOTYxQjg2LnBkZgAOAGYAMgBUAGEAeABvAG4AbwBtAHkAIABvAGYAIABBAGMAdABpAHYAZQAgAFEAdQBlAHUAZQAgAE0AYQBuAGEAZwBlAG0AZQBuAHQAIABTAHQAcgBhAHQAZQBnAGkAZQBzAC4AcABkAGYADwAOAAYAUwB5AHMAdABlAG0AEgBWVXNlcnMvY2F3a2EvRG9jdW1lbnRzL1BhcGVycy9HcmFmZmkvVGF4b25vbXkgb2YgQWN0aXZlIFF1ZXVlIE1hbmFnZW1lbnQgU3RyYXRlZ2llcy5wZGYAEwABLwAAFQACAAz//wAA0h4fICFYJGNsYXNzZXNaJGNsYXNzbmFtZaMhIiNdTlNNdXRhYmxlRGF0YVZOU0RhdGFYTlNPYmplY3RfEFAuLi8uLi9Eb2N1bWVudHMvUGFwZXJzL0dyYWZmaS9UYXhvbm9teSBvZiBBY3RpdmUgUXVldWUgTWFuYWdlbWVudCBTdHJhdGVnaWVzLnBkZtIeHyYnoicjXE5TRGljdGlvbmFyeQAIABEAGgAfACkAMgA3ADoAPwBBAFMAXABiAGkAcAB4AIMAhQCIAIoAjACPAJEAkwCdAKoArwC3ALkCwQLGAs8C2gLeAuwC8wL8A08DVANXAAAAAAAAAgEAAAAAAAAAKAAAAAAAAAAAAAAAAAAAA2Q=}}

@misc{::RIS,
	Date-Added = {2009-04-09 18:55:36 -0700},
	Date-Modified = {2009-06-09 14:05:08 -0700},
	Howpublished = {\url{http://www.ripe.net/ris}},
	Title = {{Routing Information Service (RIS)}}}

@misc{::IPv4-Address-Report,
	Author = {Geoff Huston},
	Date-Added = {2009-04-09 18:42:19 -0700},
	Date-Modified = {2009-06-09 16:39:04 -0700},
	Howpublished = {\url{http://www.potaroo.net/tools/ipv4/}},
	Title = {{IPv4 Address Report}},
	Year = {2009}}

@misc{::BGP-Reports,
	Date-Added = {2009-04-09 18:21:53 -0700},
	Date-Modified = {2009-04-09 18:22:29 -0700},
	Howpublished = {\url{http://bgp.potaroo.net}},
	Title = {{BGP Reports}}}

@misc{Rekhter:1995:RFC1771-BGP,
	Author = {Rekhter, Y. and Li, T. and Hares, S. and others},
	Date-Added = {2009-04-08 21:52:23 -0700},
	Date-Modified = {2009-04-08 21:53:17 -0700},
	Howpublished = {RFC},
	Month = {March},
	Title = {{RFC1771 -- A border gateway protocol 4 (BGP-4)}},
	Year = {1995}}

@conference{Gaertler:2004:Dynamic-analysis,
	Author = {Gaertler, M. and Patrignani, M.},
	Booktitle = {IPS 2004, International Workshop on Inter-domain Performance and Simulation, Budapest, Hungary},
	Date-Added = {2009-04-08 21:24:24 -0700},
	Date-Modified = {2009-04-08 21:24:31 -0700},
	Pages = {13--24},
	Title = {{Dynamic analysis of the autonomous system graph}},
	Year = {2004},
	Bdsk-File-1 = {YnBsaXN0MDDUAQIDBAUGCQpYJHZlcnNpb25UJHRvcFkkYXJjaGl2ZXJYJG9iamVjdHMSAAGGoNEHCFRyb290gAFfEA9OU0tleWVkQXJjaGl2ZXKoCwwXGBkdJCVVJG51bGzTDQ4PEBEUViRjbGFzc1dOUy5rZXlzWk5TLm9iamVjdHOAB6ISE4ACgAOiFRaABIAGWWFsaWFzRGF0YVxyZWxhdGl2ZVBhdGjSDRobHFdOUy5kYXRhgAVPEQIOAAAAAAIOAAIAAAZTeXN0ZW0AAAAAAAAAAAAAAAAAAAAAAAAAAADFOkzaSCsAAACK7SIfRHluYW1pYyBhbmFseXNpcyBvZiAjOEE0QjVELnBkZgAAAAAAAAAAAAAAAAAAAAAAAAAAAAAAAAAAAAAAAAAAAIpLXcYBlF8AAAAAAAAAAAACAAQAAAkgAAAAAAAAAAAAAAAAAAAACEdhZXJ0bGVyABAACAAAxTq9WgAAABEACAAAxgH2zwAAAAEAFACK7SIADlv0AA5a5QAN+tsAAHt9AAIATFN5c3RlbTpVc2VyczpjYXdrYTpEb2N1bWVudHM6UGFwZXJzOkdhZXJ0bGVyOkR5bmFtaWMgYW5hbHlzaXMgb2YgIzhBNEI1RC5wZGYADgBoADMARAB5AG4AYQBtAGkAYwAgAGEAbgBhAGwAeQBzAGkAcwAgAG8AZgAgAHQAaABlACAAYQB1AHQAbwBuAG8AbQBvAHUAcwAgAHMAeQBzAHQAZQBtACAAZwByAGEAcABoAC4AcABkAGYADwAOAAYAUwB5AHMAdABlAG0AEgBZVXNlcnMvY2F3a2EvRG9jdW1lbnRzL1BhcGVycy9HYWVydGxlci9EeW5hbWljIGFuYWx5c2lzIG9mIHRoZSBhdXRvbm9tb3VzIHN5c3RlbSBncmFwaC5wZGYAABMAAS8AABUAAgAM//8AANIeHyAhWCRjbGFzc2VzWiRjbGFzc25hbWWjISIjXU5TTXV0YWJsZURhdGFWTlNEYXRhWE5TT2JqZWN0XxBTLi4vLi4vRG9jdW1lbnRzL1BhcGVycy9HYWVydGxlci9EeW5hbWljIGFuYWx5c2lzIG9mIHRoZSBhdXRvbm9tb3VzIHN5c3RlbSBncmFwaC5wZGbSHh8mJ6InI1xOU0RpY3Rpb25hcnkACAARABoAHwApADIANwA6AD8AQQBTAFwAYgBpAHAAeACDAIUAiACKAIwAjwCRAJMAnQCqAK8AtwC5AssC0ALZAuQC6AL2Av0DBgNcA2EDZAAAAAAAAAIBAAAAAAAAACgAAAAAAAAAAAAAAAAAAANx}}

@inproceedings{Siganos:2002:BGP-Routing:-A-Study,
	Author = {Georgos Siganos},
	Booktitle = {in Proc. IEEE Global Internet},
	Date-Added = {2009-04-08 21:23:31 -0700},
	Date-Modified = {2009-04-08 21:23:41 -0700},
	Title = {{BGP Routing: A Study at Large Time Scale}},
	Year = {2002},
	Bdsk-File-1 = {YnBsaXN0MDDUAQIDBAUGCQpYJHZlcnNpb25UJHRvcFkkYXJjaGl2ZXJYJG9iamVjdHMSAAGGoNEHCFRyb290gAFfEA9OU0tleWVkQXJjaGl2ZXKoCwwXGBkdJCVVJG51bGzTDQ4PEBEUViRjbGFzc1dOUy5rZXlzWk5TLm9iamVjdHOAB6ISE4ACgAOiFRaABIAGWWFsaWFzRGF0YVxyZWxhdGl2ZVBhdGjSDRobHFdOUy5kYXRhgAVPEQH4AAAAAAH4AAIAAAZTeXN0ZW0AAAAAAAAAAAAAAAAAAAAAAAAAAADFOkzaSCsAAACK7PYfQkdQIFJvdXRpbmcvIEEgU3R1ZHkjOEE0OTNELnBkZgAAAAAAAAAAAAAAAAAAAAAAAAAAAAAAAAAAAAAAAAAAAIpJPcYBkuoAAAAAAAAAAAACAAQAAAkgAAAAAAAAAAAAAAAAAAAAB1NpZ2Fub3MAABAACAAAxTq9WgAAABEACAAAxgH1WgAAAAEAFACK7PYADlv0AA5a5QAN+tsAAHt9AAIAS1N5c3RlbTpVc2VyczpjYXdrYTpEb2N1bWVudHM6UGFwZXJzOlNpZ2Fub3M6QkdQIFJvdXRpbmcvIEEgU3R1ZHkjOEE0OTNELnBkZgAADgBaACwAQgBHAFAAIABSAG8AdQB0AGkAbgBnAC8AIABBACAAUwB0AHUAZAB5ACAAYQB0ACAATABhAHIAZwBlACAAVABpAG0AZQAgAFMAYwBhAGwAZQAuAHAAZABmAA8ADgAGAFMAeQBzAHQAZQBtABIAUVVzZXJzL2Nhd2thL0RvY3VtZW50cy9QYXBlcnMvU2lnYW5vcy9CR1AgUm91dGluZzogQSBTdHVkeSBhdCBMYXJnZSBUaW1lIFNjYWxlLnBkZgAAEwABLwAAFQACAAz//wAA0h4fICFYJGNsYXNzZXNaJGNsYXNzbmFtZaMhIiNdTlNNdXRhYmxlRGF0YVZOU0RhdGFYTlNPYmplY3RfEEsuLi8uLi9Eb2N1bWVudHMvUGFwZXJzL1NpZ2Fub3MvQkdQIFJvdXRpbmc6IEEgU3R1ZHkgYXQgTGFyZ2UgVGltZSBTY2FsZS5wZGbSHh8mJ6InI1xOU0RpY3Rpb25hcnkACAARABoAHwApADIANwA6AD8AQQBTAFwAYgBpAHAAeACDAIUAiACKAIwAjwCRAJMAnQCqAK8AtwC5ArUCugLDAs4C0gLgAucC8AM+A0MDRgAAAAAAAAIBAAAAAAAAACgAAAAAAAAAAAAAAAAAAANT}}

@conference{teixeira2004dhp,
	Author = {Teixeira, R. and Shaikh, A. and Griffin, T. and Rexford, J.},
	Booktitle = {Proceedings of the joint international conference on Measurement and modeling of computer systems},
	Date-Added = {2009-04-07 23:37:48 -0700},
	Date-Modified = {2009-04-07 23:37:48 -0700},
	Organization = {ACM New York, NY, USA},
	Pages = {307--319},
	Title = {{Dynamics of hot-potato routing in IP networks}},
	Year = {2004},
	Bdsk-File-1 = {YnBsaXN0MDDUAQIDBAUGCQpYJHZlcnNpb25UJHRvcFkkYXJjaGl2ZXJYJG9iamVjdHMSAAGGoNEHCFRyb290gAFfEA9OU0tleWVkQXJjaGl2ZXKoCwwXGBkdJCVVJG51bGzTDQ4PEBEUViRjbGFzc1dOUy5rZXlzWk5TLm9iamVjdHOAB6ISE4ACgAOiFRaABIAGWWFsaWFzRGF0YVxyZWxhdGl2ZVBhdGjSDRobHFdOUy5kYXRhgAVPEQIIAAAAAAIIAAIAAAZTeXN0ZW0AAAAAAAAAAAAAAAAAAAAAAAAAAADFOkzaSCsAAACKS1QfRHluYW1pY3Mgb2YgaG90LXBvdGEjOEE0QTExLnBkZgAAAAAAAAAAAAAAAAAAAAAAAAAAAAAAAAAAAAAAAAAAAIpKEcYBlD8AAAAAAAAAAAACAAQAAAkgAAAAAAAAAAAAAAAAAAAACFRlaXhlaXJhABAACAAAxTq9WgAAABEACAAAxgH2rwAAAAEAFACKS1QADlv0AA5a5QAN+tsAAHt9AAIATFN5c3RlbTpVc2VyczpjYXdrYTpEb2N1bWVudHM6UGFwZXJzOlRlaXhlaXJhOkR5bmFtaWNzIG9mIGhvdC1wb3RhIzhBNEExMS5wZGYADgBkADEARAB5AG4AYQBtAGkAYwBzACAAbwBmACAAaABvAHQALQBwAG8AdABhAHQAbwAgAHIAbwB1AHQAaQBuAGcAIABpAG4AIABJAFAAIABuAGUAdAB3AG8AcgBrAHMALgBwAGQAZgAPAA4ABgBTAHkAcwB0AGUAbQASAFdVc2Vycy9jYXdrYS9Eb2N1bWVudHMvUGFwZXJzL1RlaXhlaXJhL0R5bmFtaWNzIG9mIGhvdC1wb3RhdG8gcm91dGluZyBpbiBJUCBuZXR3b3Jrcy5wZGYAABMAAS8AABUAAgAM//8AANIeHyAhWCRjbGFzc2VzWiRjbGFzc25hbWWjISIjXU5TTXV0YWJsZURhdGFWTlNEYXRhWE5TT2JqZWN0XxBRLi4vLi4vRG9jdW1lbnRzL1BhcGVycy9UZWl4ZWlyYS9EeW5hbWljcyBvZiBob3QtcG90YXRvIHJvdXRpbmcgaW4gSVAgbmV0d29ya3MucGRm0h4fJieiJyNcTlNEaWN0aW9uYXJ5AAgAEQAaAB8AKQAyADcAOgA/AEEAUwBcAGIAaQBwAHgAgwCFAIgAigCMAI8AkQCTAJ0AqgCvALcAuQLFAsoC0wLeAuIC8AL3AwADVANZA1wAAAAAAAACAQAAAAAAAAAoAAAAAAAAAAAAAAAAAAADaQ==}}

@conference{andersen2002tib,
	Author = {Andersen, D.G. and Feamster, N. and Bauer, S. and Balakrishnan, H.},
	Booktitle = {Proceedings of the 2nd ACM SIGCOMM Workshop on Internet measurment},
	Date-Added = {2009-04-07 23:36:58 -0700},
	Date-Modified = {2009-04-07 23:36:58 -0700},
	Organization = {ACM New York, NY, USA},
	Pages = {243--248},
	Title = {{Topology inference from BGP routing dynamics}},
	Year = {2002},
	Bdsk-File-1 = {YnBsaXN0MDDUAQIDBAUGCQpYJHZlcnNpb25UJHRvcFkkYXJjaGl2ZXJYJG9iamVjdHMSAAGGoNEHCFRyb290gAFfEA9OU0tleWVkQXJjaGl2ZXKoCwwXGBkdJCVVJG51bGzTDQ4PEBEUViRjbGFzc1dOUy5rZXlzWk5TLm9iamVjdHOAB6ISE4ACgAOiFRaABIAGWWFsaWFzRGF0YVxyZWxhdGl2ZVBhdGjSDRobHFdOUy5kYXRhgAVPEQIEAAAAAAIEAAIAAAZTeXN0ZW0AAAAAAAAAAAAAAAAAAAAAAAAAAADFOkzaSCsAAAAOW/kfVG9wb2xvZ3kgaW5mZXJlbmNlIGYjOEE0OUVGLnBkZgAAAAAAAAAAAAAAAAAAAAAAAAAAAAAAAAAAAAAAAAAAAIpJ78YBlBEAAAAAAAAAAAACAAQAAAkgAAAAAAAAAAAAAAAAAAAACEFuZGVyc2VuABAACAAAxTq9WgAAABEACAAAxgH2gQAAAAEAFAAOW/kADlv0AA5a5QAN+tsAAHt9AAIATFN5c3RlbTpVc2VyczpjYXdrYTpEb2N1bWVudHM6UGFwZXJzOkFuZGVyc2VuOlRvcG9sb2d5IGluZmVyZW5jZSBmIzhBNDlFRi5wZGYADgBiADAAVABvAHAAbwBsAG8AZwB5ACAAaQBuAGYAZQByAGUAbgBjAGUAIABmAHIAbwBtACAAQgBHAFAAIAByAG8AdQB0AGkAbgBnACAAZAB5AG4AYQBtAGkAYwBzAC4AcABkAGYADwAOAAYAUwB5AHMAdABlAG0AEgBWVXNlcnMvY2F3a2EvRG9jdW1lbnRzL1BhcGVycy9BbmRlcnNlbi9Ub3BvbG9neSBpbmZlcmVuY2UgZnJvbSBCR1Agcm91dGluZyBkeW5hbWljcy5wZGYAEwABLwAAFQACAAz//wAA0h4fICFYJGNsYXNzZXNaJGNsYXNzbmFtZaMhIiNdTlNNdXRhYmxlRGF0YVZOU0RhdGFYTlNPYmplY3RfEFAuLi8uLi9Eb2N1bWVudHMvUGFwZXJzL0FuZGVyc2VuL1RvcG9sb2d5IGluZmVyZW5jZSBmcm9tIEJHUCByb3V0aW5nIGR5bmFtaWNzLnBkZtIeHyYnoicjXE5TRGljdGlvbmFyeQAIABEAGgAfACkAMgA3ADoAPwBBAFMAXABiAGkAcAB4AIMAhQCIAIoAjACPAJEAkwCdAKoArwC3ALkCwQLGAs8C2gLeAuwC8wL8A08DVANXAAAAAAAAAgEAAAAAAAAAKAAAAAAAAAAAAAAAAAAAA2Q=}}

@conference{rexford2002brs,
	Author = {Rexford, J. and Wang, J. and Xiao, Z. and Zhang, Y.},
	Booktitle = {Proceedings of the 2nd ACM SIGCOMM Workshop on Internet Measurment},
	Date-Added = {2009-04-07 23:34:28 -0700},
	Date-Modified = {2009-04-07 23:34:28 -0700},
	Organization = {ACM New York, NY, USA},
	Pages = {197--202},
	Title = {{BGP routing stability of popular destinations}},
	Year = {2002},
	Bdsk-File-1 = {YnBsaXN0MDDUAQIDBAUGCQpYJHZlcnNpb25UJHRvcFkkYXJjaGl2ZXJYJG9iamVjdHMSAAGGoNEHCFRyb290gAFfEA9OU0tleWVkQXJjaGl2ZXKoCwwXGBkdJCVVJG51bGzTDQ4PEBEUViRjbGFzc1dOUy5rZXlzWk5TLm9iamVjdHOAB6ISE4ACgAOiFRaABIAGWWFsaWFzRGF0YVxyZWxhdGl2ZVBhdGjSDRobHFdOUy5kYXRhgAVPEQIGAAAAAAIGAAIAAAZTeXN0ZW0AAAAAAAAAAAAAAAAAAAAAAAAAAADFOkzaSCsAAACKSaIfQkdQIHJvdXRpbmcgc3RhYmlsaXQjOEE0OTc4LnBkZgAAAAAAAAAAAAAAAAAAAAAAAAAAAAAAAAAAAAAAAAAAAIpJeMYBk3UAAAAAAAAAAAACAAQAAAkgAAAAAAAAAAAAAAAAAAAAB1JleGZvcmQAABAACAAAxTq9WgAAABEACAAAxgH15QAAAAEAFACKSaIADlv0AA5a5QAN+tsAAHt9AAIAS1N5c3RlbTpVc2VyczpjYXdrYTpEb2N1bWVudHM6UGFwZXJzOlJleGZvcmQ6QkdQIHJvdXRpbmcgc3RhYmlsaXQjOEE0OTc4LnBkZgAADgBkADEAQgBHAFAAIAByAG8AdQB0AGkAbgBnACAAcwB0AGEAYgBpAGwAaQB0AHkAIABvAGYAIABwAG8AcAB1AGwAYQByACAAZABlAHMAdABpAG4AYQB0AGkAbwBuAHMALgBwAGQAZgAPAA4ABgBTAHkAcwB0AGUAbQASAFZVc2Vycy9jYXdrYS9Eb2N1bWVudHMvUGFwZXJzL1JleGZvcmQvQkdQIHJvdXRpbmcgc3RhYmlsaXR5IG9mIHBvcHVsYXIgZGVzdGluYXRpb25zLnBkZgATAAEvAAAVAAIADP//AADSHh8gIVgkY2xhc3Nlc1okY2xhc3NuYW1loyEiI11OU011dGFibGVEYXRhVk5TRGF0YVhOU09iamVjdF8QUC4uLy4uL0RvY3VtZW50cy9QYXBlcnMvUmV4Zm9yZC9CR1Agcm91dGluZyBzdGFiaWxpdHkgb2YgcG9wdWxhciBkZXN0aW5hdGlvbnMucGRm0h4fJieiJyNcTlNEaWN0aW9uYXJ5AAgAEQAaAB8AKQAyADcAOgA/AEEAUwBcAGIAaQBwAHgAgwCFAIgAigCMAI8AkQCTAJ0AqgCvALcAuQLDAsgC0QLcAuAC7gL1Av4DUQNWA1kAAAAAAAACAQAAAAAAAAAoAAAAAAAAAAAAAAAAAAADZg==}}

@techreport{Xu:2003:IPv4-Address,
	Address = {Los Angeles, CA 90095, USA},
	Author = {Zhiguo Xu and Xiaoqiao Meng and Songwu Lu and Lixia Zhang and Cathy J. Wittbrodt},
	Date-Added = {2009-04-06 22:44:44 -0700},
	Date-Modified = {2009-04-06 22:46:45 -0700},
	Institution = {UCLA Computer Science Department},
	Month = {March},
	Number = {TR-03009},
	Title = {{IPv4 Address Allocation and the Evolution of the BGP routing table}},
	Year = {2003},
	Bdsk-File-1 = {YnBsaXN0MDDUAQIDBAUGCQpYJHZlcnNpb25UJHRvcFkkYXJjaGl2ZXJYJG9iamVjdHMSAAGGoNEHCFRyb290gAFfEA9OU0tleWVkQXJjaGl2ZXKoCwwXGBkdJCVVJG51bGzTDQ4PEBEUViRjbGFzc1dOUy5rZXlzWk5TLm9iamVjdHOAB6ISE4ACgAOiFRaABIAGWWFsaWFzRGF0YVxyZWxhdGl2ZVBhdGjSDRobHFdOUy5kYXRhgAVPEQIiAAAAAAIiAAIAAAZTeXN0ZW0AAAAAAAAAAAAAAAAAAAAAAAAAAADFOkzaSCsAAAAOXJ8fSVB2NCBBZGRyZXNzIEFsbG9jYXQjODk5MUYxLnBkZgAAAAAAAAAAAAAAAAAAAAAAAAAAAAAAAAAAAAAAAAAAAImR8cYANPsAAAAAAAAAAAACAAQAAAkgAAAAAAAAAAAAAAAAAAAAAlh1ABAACAAAxTq9WgAAABEACAAAxgCXawAAAAEAFAAOXJ8ADlv0AA5a5QAN+tsAAHt9AAIARlN5c3RlbTpVc2VyczpjYXdrYTpEb2N1bWVudHM6UGFwZXJzOlh1OklQdjQgQWRkcmVzcyBBbGxvY2F0Izg5OTFGMS5wZGYADgCCAEAASQBQAHYANAAgAEEAZABkAHIAZQBzAHMAIABBAGwAbABvAGMAYQB0AGkAbwBuACAAYQBuAGQAIAB0AGgAZQAgAEUAdgBvAGwAdQB0AGkAbwBuACAAbwBmACAAdABoAGUAIABCAEcAUAAgAHIAbwB1AHQAaQBuAGcALgBwAGQAZgAPAA4ABgBTAHkAcwB0AGUAbQASAGBVc2Vycy9jYXdrYS9Eb2N1bWVudHMvUGFwZXJzL1h1L0lQdjQgQWRkcmVzcyBBbGxvY2F0aW9uIGFuZCB0aGUgRXZvbHV0aW9uIG9mIHRoZSBCR1Agcm91dGluZy5wZGYAEwABLwAAFQACAAz//wAA0h4fICFYJGNsYXNzZXNaJGNsYXNzbmFtZaMhIiNdTlNNdXRhYmxlRGF0YVZOU0RhdGFYTlNPYmplY3RfEFouLi8uLi9Eb2N1bWVudHMvUGFwZXJzL1h1L0lQdjQgQWRkcmVzcyBBbGxvY2F0aW9uIGFuZCB0aGUgRXZvbHV0aW9uIG9mIHRoZSBCR1Agcm91dGluZy5wZGbSHh8mJ6InI1xOU0RpY3Rpb25hcnkACAARABoAHwApADIANwA6AD8AQQBTAFwAYgBpAHAAeACDAIUAiACKAIwAjwCRAJMAnQCqAK8AtwC5At8C5ALtAvgC/AMKAxEDGgN3A3wDfwAAAAAAAAIBAAAAAAAAACgAAAAAAAAAAAAAAAAAAAOM}}

@techreport{Meng:2003:An-analysis-of-BGP-routing,
	Address = {Los Angeles, CA 90095, USA},
	Author = {Meng, X. and Xu, Z. and Zhang, L. and Lu, S.},
	Date-Added = {2009-04-06 22:42:34 -0700},
	Date-Modified = {2009-04-06 22:46:41 -0700},
	Institution = {UCLA Computer Science Department},
	Month = {October},
	Number = {TR-30046},
	Title = {{An analysis of BGP routing table evolution}},
	Year = {2003},
	Bdsk-File-1 = {YnBsaXN0MDDUAQIDBAUGCQpYJHZlcnNpb25UJHRvcFkkYXJjaGl2ZXJYJG9iamVjdHMSAAGGoNEHCFRyb290gAFfEA9OU0tleWVkQXJjaGl2ZXKoCwwXGBkdJCVVJG51bGzTDQ4PEBEUViRjbGFzc1dOUy5rZXlzWk5TLm9iamVjdHOAB6ISE4ACgAOiFRaABIAGWWFsaWFzRGF0YVxyZWxhdGl2ZVBhdGjSDRobHFdOUy5kYXRhgAVPEQHyAAAAAAHyAAIAAAZTeXN0ZW0AAAAAAAAAAAAAAAAAAAAAAAAAAADFOkzaSCsAAACJknIfQW4gYW5hbHlzaXMgb2YgQkdQIHIjOEEyNzhGLnBkZgAAAAAAAAAAAAAAAAAAAAAAAAAAAAAAAAAAAAAAAAAAAIonj8YANVFQREYgAAAAAAACAAQAAAkgAAAAAAAAAAAAAAAAAAAABE1lbmcAEAAIAADFOr1aAAAAEQAIAADGAJfBAAAAAQAUAImScgAOW/QADlrlAA362wAAe30AAgBIU3lzdGVtOlVzZXJzOmNhd2thOkRvY3VtZW50czpQYXBlcnM6TWVuZzpBbiBhbmFseXNpcyBvZiBCR1AgciM4QTI3OEYucGRmAA4AXgAuAEEAbgAgAGEAbgBhAGwAeQBzAGkAcwAgAG8AZgAgAEIARwBQACAAcgBvAHUAdABpAG4AZwAgAHQAYQBiAGwAZQAgAGUAdgBvAGwAdQB0AGkAbwBuAC4AcABkAGYADwAOAAYAUwB5AHMAdABlAG0AEgBQVXNlcnMvY2F3a2EvRG9jdW1lbnRzL1BhcGVycy9NZW5nL0FuIGFuYWx5c2lzIG9mIEJHUCByb3V0aW5nIHRhYmxlIGV2b2x1dGlvbi5wZGYAEwABLwAAFQACAAz//wAA0h4fICFYJGNsYXNzZXNaJGNsYXNzbmFtZaMhIiNdTlNNdXRhYmxlRGF0YVZOU0RhdGFYTlNPYmplY3RfEEouLi8uLi9Eb2N1bWVudHMvUGFwZXJzL01lbmcvQW4gYW5hbHlzaXMgb2YgQkdQIHJvdXRpbmcgdGFibGUgZXZvbHV0aW9uLnBkZtIeHyYnoicjXE5TRGljdGlvbmFyeQAIABEAGgAfACkAMgA3ADoAPwBBAFMAXABiAGkAcAB4AIMAhQCIAIoAjACPAJEAkwCdAKoArwC3ALkCrwK0Ar0CyALMAtoC4QLqAzcDPAM/AAAAAAAAAgEAAAAAAAAAKAAAAAAAAAAAAAAAAAAAA0w=}}

@article{Meng:2005:IPv4-address,
	Author = {Meng, X. and Zhang, B. and Huston, G. and Lu, S.},
	Date-Added = {2009-04-06 22:41:57 -0700},
	Date-Modified = {2009-04-06 22:44:31 -0700},
	Journal = {ACM SIGCOMM Computer Communication Review Special Issue on Internet Vital Statistics},
	Month = {January},
	Number = {1},
	Pages = {71--80},
	Publisher = {ACM New York, NY, USA},
	Title = {{IPv4 address allocation and the BGP routing table evolution}},
	Volume = {35},
	Year = {2005},
	Bdsk-File-1 = {YnBsaXN0MDDUAQIDBAUGCQpYJHZlcnNpb25UJHRvcFkkYXJjaGl2ZXJYJG9iamVjdHMSAAGGoNEHCFRyb290gAFfEA9OU0tleWVkQXJjaGl2ZXKoCwwXGBkdJCVVJG51bGzTDQ4PEBEUViRjbGFzc1dOUy5rZXlzWk5TLm9iamVjdHOAB6ISE4ACgAOiFRaABIAGWWFsaWFzRGF0YVxyZWxhdGl2ZVBhdGjSDRobHFdOUy5kYXRhgAVPEQIIAAAAAAIIAAIAAAZTeXN0ZW0AAAAAAAAAAAAAAAAAAAAAAAAAAADFOkzaSCsAAACJknIfSVB2NCBhZGRyZXNzIGFsbG9jYXQjOEEyQkU0LnBkZgAAAAAAAAAAAAAAAAAAAAAAAAAAAAAAAAAAAAAAAAAAAIor5MYANXdQREYgAAAAAAACAAQAAAkgAAAAAAAAAAAAAAAAAAAABE1lbmcAEAAIAADFOr1aAAAAEQAIAADGAJfnAAAAAQAUAImScgAOW/QADlrlAA362wAAe30AAgBIU3lzdGVtOlVzZXJzOmNhd2thOkRvY3VtZW50czpQYXBlcnM6TWVuZzpJUHY0IGFkZHJlc3MgYWxsb2NhdCM4QTJCRTQucGRmAA4AbAA1AEkAUAB2ADQAIABhAGQAZAByAGUAcwBzACAAYQBsAGwAbwBjAGEAdABpAG8AbgAgAGEAbgBkACAAdABoAGUAIABCAEcAUAAgAHIAbwB1AHQAaQBuAGcAIAB0AGEAYgBsAGUALgBwAGQAZgAPAA4ABgBTAHkAcwB0AGUAbQASAFdVc2Vycy9jYXdrYS9Eb2N1bWVudHMvUGFwZXJzL01lbmcvSVB2NCBhZGRyZXNzIGFsbG9jYXRpb24gYW5kIHRoZSBCR1Agcm91dGluZyB0YWJsZS5wZGYAABMAAS8AABUAAgAM//8AANIeHyAhWCRjbGFzc2VzWiRjbGFzc25hbWWjISIjXU5TTXV0YWJsZURhdGFWTlNEYXRhWE5TT2JqZWN0XxBRLi4vLi4vRG9jdW1lbnRzL1BhcGVycy9NZW5nL0lQdjQgYWRkcmVzcyBhbGxvY2F0aW9uIGFuZCB0aGUgQkdQIHJvdXRpbmcgdGFibGUucGRm0h4fJieiJyNcTlNEaWN0aW9uYXJ5AAgAEQAaAB8AKQAyADcAOgA/AEEAUwBcAGIAaQBwAHgAgwCFAIgAigCMAI8AkQCTAJ0AqgCvALcAuQLFAsoC0wLeAuIC8AL3AwADVANZA1wAAAAAAAACAQAAAAAAAAAoAAAAAAAAAAAAAAAAAAADaQ==}}
